=LDR  00000nam a22000003i 4500
=008  250611s9999||||xx\||||||||||||||\||und||
=020  \\$aISBN
=020  \\$aISBN2
=024  8\$aSale code
=033  0\$aDate of sale
=245  00$aTitle.$bSubtitle.$cStatement of Responsibility.
=246  31$aParallel title (dual language only)$bParallel subtitle (dual language only)
=250  \\$aEdition statement.
=264  \1$aPlace of publication:$bPublisher name,$cDate of publication.
=300  \\$aPagination;$cSize
=490  0\$aSeries title.$vSeries enumeration
=500  \\$aNote.
=876  \\$zHOL notes$pBarcode 
=999  \4$cCopyright date
=AAA  $aLanguage of resource
=ZZZ  $aCountry of publication

