=LDR  00000nam a22000003i 4500
=008  250611s9999||||xx\||||||||||||||\||und||
=024  8\$aElectronic Auction 442
=033  0\$a20190417
=245  00$aCoins of the Valerianic dynasty (AD 253-268) and comtemporary issues.$ban academic collection formed by N. M. McQ. Holmes.
=264  \1$aLancaster, PA:$bCNG Classical Numismatic Group, LLC,$c[2019?].
=300  \\$a248 pages;$c28cm
=876  \\$p308241090
=AAA  $aeng
=ZZZ  $apau

