=LDR  00000nam a22000003i 4500
=008  250611s9999||||xx\||||||||||||||\||und||
=024  8\$aeLive Premium Auction 357
=033  0\$a20211207, 20211208, 20211209
=245  00$aDie numismatische Bibliothek Alain Poinsignon, Straßburg.$bTeil 3.
=264  \1$aOsnabrück:$bFritz Rudolf Künker GmbH & Co. KG,$c[2021?].
=300  \\$a484 pages;$c30cm
=876  \\$p308241091
=AAA  $ager
=ZZZ  $agw

