=LDR  00000nam a22000003i 4500
=008  250611s9999||||xx\||||||||||||||\||und||
=024  8\$aOISEAUX
=033  0\$a19840627
=245  00$aPorcelaines et objects d'art Chinois céramiques européennes antiquités.$bcollection de monsieur X.
=264  \1$aMonte Carlo:$bSotheby Parke Bernet S.A.,$c[1984?].
=300  \\$a63 pages;$c25cm
=876  \\$p308241088
=999  \4$c© 1984
=AAA  $afre
=ZZZ  $amc

