=LDR  00000nam a22000003i 4500
=008  250611s9999||||xx\||||||||||||||\||und||
=024  8\$aURSULE
=033  0\$a19840306
=245  00$aTapis, tapisseries, porcelaines et faïences, objets d'art d'extrême orient, objets de vitrine, argenterie, archéologie, objets d'art et d'ameublement.
=264  \1$aMonte Carlo:$bSotheby Parke Bernet S.A.,$c[1984?].
=300  \\$a111 pages;$c25cm
=876  \\$p308241089
=999  \4$c© 1984
=AAA  $afre
=ZZZ  $amc

