=LDR  00000nam a22000003i 4500
=008  250611s9999||||xx\||||||||||||||\||und||
=024  8\$aauction XXX
=033  0\$a20130109
=245  00$aAncient Greek, Roman and Byzantine coins, Islamic and world coins.$bincluding an old collection of Syracuse tetradrachms, coins of Judea.
=264  \1$aNew York:$bThe New York Sale Group (A. H. Baldwin & Sons Ltd, M&M  Numismatics Ltd, Dmitry Markov Coins & Medals),$c[2013?].
=300  \\$aapproximately 176? page;$c30cm
=500  \\$ain conjunction with the New York International Numismatic Convention.
=876  \\$p308241092
=AAA  $aeng
=ZZZ  $anyu

