=LDR  00000nam a22000003i 4500
=008  250611s9999||||xx\||||||||||||||\||und||
=024  8\$aauction 55
=033  0\$a20220112
=245  00$aWorld coins.$bfeaturing the Peter J. Corcoran collection.
=264  \1$aNew York:$bThe New York Sale Group (Ira & Larry Goldberg Coins & Collectibles, M&M  Numismatics Ltd, Dmitry Markov Coins & Medals, Sovereign Rarities Ltc),$c[2022?].
=300  \\$aapproximately 176? page;$c30cm
=500  \\$ain conjunction with the New York International Numismatic Convention.
=876  \\$p308241093
=AAA  $aeng
=ZZZ  $anyu

