=LDR  00000nam a22000003i 4500
=008  250611s9999||||xx\||||||||||||||\||und||
=033  0\$a20180109
=245  00$aTriton XXI.$bThe Giovanni Maria Staffieri collection of the coins of Roman Alexandria.
=264  \1$aNew York:$bClassical Numismatic Group, Inc,$c[2018?].
=300  \\$a144 pages;$c28cm
=500  \\$ain conjunction with the 46th Annual New York International.
=876  \\$p308241094
=AAA  $aeng
=ZZZ  $anyu

