=LDR  00000nam a22000003i 4500
=008  250611s9999||||xx\||||||||||||||\||und||
=024  8\$aauction XVIII
=033  0\$a20190929
=245  00$aRoma Numismatics Limited.
=264  \1$aLondon:$bRoma Numismatics Limited,$c[2019?].
=300  \\$a446 pages;$c30cm
=500  \\$athe Lanz collection of Celtic coins, teh William Stancomb collection of coins of the Black Sea region, Celtic, Greek and Judean coins, Roman provincial , Republican, Imperatorial and imperial coins, Byzantine, Islamic and world coins.
=876  \\$p308241095
=AAA  $aeng
=ZZZ  $aenk

