=LDR  00000nam a22000003i 4500
=008  250611s9999||||xx\||||||||||||||\||und||
=033  0\$a20010522, 20010523
=245  00$aStora Kvalitén.
=264  \1$aStockholm:$bAB Stockholms Auktionsverk,$c[2001?].
=300  \\$a465 pages;$c27cm
=876  \\$p308241096
=AAA  $aswe
=ZZZ  $asw

