=LDR  00000nam a22000003i 4500
=008  250611s9999||||xx\||||||||||||||\||und||
=024  8\$a3096
=033  0\$a20210325, 20210326, 20210327
=245  04$aThe Paramount collection.$bHeritage world & ancient coins.
=264  \1$aDallas, TX:$bHeritage Numismatic Auctions, Inc.,$c[2021?].
=300  \\$a472 pages;$c28cm
=500  \\$aSession 1 - Ancients / Albania - German States; Session 2 - Great Britain - Yugoslavia, Online Only Session 3 - Albania - Zambia.
=876  \\$p308241097
=999  \4$c© 2021
=AAA  $aeng
=ZZZ  $atxu

