=LDR  00000nam a22000003i 4500
=008  250611s9999||||xx\||||||||||||||\||und||
=024  8\$a198
=033  0\$a20001102
=245  00$aVan Ham Kunstauktionen.$bTeppiche, Tapisserie, Ausgrabungen.
=264  \1$aCologne:$bVan Ham Kunstauktionen,$c[2000?].
=300  \\$a80 pages;$c27cm
=876  \\$p308241098
=AAA  $ager
=ZZZ  $agw

