=LDR  00000nam a22000003i 4500
=008  250611s9999||||xx\||||||||||||||\||und||
=033  0\$a20230630
=245  00$aUne pendule astronomique squelette unique.$boù les sciences et l'art dul XVIIIe sièclese concentrant dans une œuvre monumentale.
=264  \1$aParis:$bDe Baecque,$c[2023?].
=300  \\$a24 pages;$c27cm
=876  \\$p308241099
=AAA  $afre
=ZZZ  $afr

