=LDR  00000nam a22000003i 4500
=008  250611s9999||||xx\||||||||||||||\||und||
=024  8\$a76
=033  0\$a20010509, 20010510, 20010514, 20010515
=245  00$aKunstauktion 76.$binternationale og danske malerier & antikviteter.
=246  31$aAuction 76$binternational and Danish paintings & works of art
=264  \1$aPedersholm Vejle:$bBruun Rasmussen Kunstauktioner,$c[2001?].
=300  \\$a287 pages;$c28cm
=500  \\$aauction catalogue items in Danish only.
=876  \\$p308241100
=999  \4$c© 2001
=AAA  $adan
=ZZZ  $adk

