=LDR  00000nam a22000003i 4500
=008  250611s9999||||xx\||||||||||||||\||und||
=033  0\$a19860321
=245  00$aNetsuke and other fine Japanese works of art.$bfrom the collection of Raymond Bushell, the collection of a West Coast Lady, and the collections of various other owners.
=264  \1$aNew York:$bArts of Japan at Auction, Inc.,$c[1986?].
=300  \\$a121 pages;$c28cm
=876  \\$p308241101
=AAA  $aeng
=ZZZ  $anyu

