=LDR  00000nam a22000003i 4500
=008  250611s9999||||xx\||||||||||||||\||und||
=033  0\$a19490518, 19490519
=245  00$aCollection A. Bouasse-Lebel (1re vente).$bhaute curiosité, objets d'extrême-orient, art khmer.
=264  \1$aParis:$c[1949?].
=300  \\$a23 pages;$c24cm
=500  \\$acéramiques persanes, antiquités égyptiennes, tête d'Osiris en bronze, collection d'amulettes égyptiennes, antiquités grecques, petite tête gothique en pierre; céramique chinoise archaïque des dynasties Han, Tang, Song, Yuen, Ming, porcelaines du Siam, bois sculptés, pierres dures de fouille, ivoires; importantes sculptures, art cham, art khmer, art siamois, art chinois; bronzes: khmer, chinois, siamois, Thibet, Inde, Birmanie, émaux cloisonnés chinois de l'époque Ming, peintures de Bali et du Cambodge; dont la vente aux enchères publiques aura lieu à l'Hotel Drouot, Salle No. 7.
=876  \\$p308241102
=AAA  $afre
=ZZZ  $afr

